<record><leader>00000cas a2200000 a 4500</leader><controlfield tag="001">4112458</controlfield><controlfield tag="008">780805c19709999caumr ne      0   a0eng c</controlfield><datafield ind1=" " ind2=" " tag="010"><subfield code="a">sn 78000510 </subfield></datafield><datafield ind1=" " ind2=" " tag="040"><subfield code="a">NSD</subfield><subfield code="b">eng</subfield><subfield code="c">NSD</subfield><subfield code="d">UDI</subfield><subfield code="d">MUL</subfield><subfield code="d">NST</subfield><subfield code="d">OCL</subfield><subfield code="d">NVM</subfield><subfield code="d">CVF</subfield><subfield code="d">ANN</subfield><subfield code="d">ZP2</subfield><subfield code="d">OCLCQ</subfield><subfield code="d">GBVCP</subfield><subfield code="d">OCLCQ</subfield><subfield code="d">OCLCF</subfield><subfield code="d">OCLCA</subfield><subfield code="d">OCLCQ</subfield><subfield code="d">OCLCO</subfield><subfield code="d">OCL</subfield><subfield code="d">DLC</subfield></datafield><datafield ind1=" " ind2=" " tag="015"><subfield code="a">010657541</subfield><subfield code="2">dnb</subfield></datafield><datafield ind1="7" ind2=" " tag="016"><subfield code="a">94492-0</subfield><subfield code="2">DE-600</subfield></datafield><datafield ind1=" " ind2=" " tag="019"><subfield code="a">4074464</subfield></datafield><datafield ind1="1" ind2=" " tag="022"><subfield code="a">0046-9076</subfield><subfield code="l">0046-9076</subfield><subfield code="2">1</subfield></datafield><datafield ind1=" " ind2=" " tag="032"><subfield code="a">922800</subfield><subfield code="b">USPS</subfield></datafield><datafield ind1=" " ind2=" " tag="037"><subfield code="b">Indian Trader, PO Box 1421, 311 E. Aztec Ave., Gallup, NM 87305</subfield></datafield><datafield ind1=" " ind2=" " tag="042"><subfield code="a">nsdp</subfield><subfield code="a">pcc</subfield></datafield><datafield ind1=" " ind2=" " tag="043"><subfield code="a">n-us-ca</subfield><subfield code="a">n-us-nm</subfield><subfield code="a">n-us-mt</subfield></datafield><datafield ind1="0" ind2="0" tag="050"><subfield code="a">E75</subfield><subfield code="b">.I497</subfield></datafield><datafield ind1=" " ind2="4" tag="222"><subfield code="a">The Indian trader</subfield></datafield><datafield ind1="0" ind2="4" tag="245"><subfield code="a">The Indian trader.</subfield></datafield><datafield ind1=" " ind2=" " tag="260"><subfield code="a">La Mesa, Calif. :</subfield><subfield code="b">Indian Trader</subfield></datafield><datafield ind1=" " ind2=" " tag="300"><subfield code="a">v. :</subfield><subfield code="b">ill. ;</subfield><subfield code="c">38 cm.</subfield></datafield><datafield ind1=" " ind2=" " tag="310"><subfield code="a">Monthly</subfield></datafield><datafield ind1="1" ind2=" " tag="362"><subfield code="a">Began in 1970.</subfield></datafield><datafield ind1=" " ind2=" " tag="500"><subfield code="a">Published in: La Mesa, Calif., &lt;1971&gt;-Jan. 1976; Gallup, N.M., Feb. 1976-Oct. 1977; Billings, Mont., Nov. 1977-Jan. 1980; Gallup, N.M., Feb. 1980-&gt;; Cottonwood, Ariz., &lt;Sept. 2014-&gt;</subfield></datafield><datafield ind1=" " ind2=" " tag="588"><subfield code="a">Description based on: Vol. 2, no. 1 (Feb. 1971).</subfield></datafield><datafield ind1=" " ind2=" " tag="588"><subfield code="a">Latest issue consulted: Vol. 45, no. 9 (Sept. 2014).</subfield></datafield><datafield ind1=" " ind2="0" tag="650"><subfield code="a">Indians of North America</subfield><subfield code="v">Newspapers.</subfield></datafield><datafield ind1=" " ind2="0" tag="650"><subfield code="a">Trading posts</subfield><subfield code="z">North America</subfield><subfield code="v">Newspapers.</subfield></datafield><datafield ind1=" " ind2="0" tag="650"><subfield code="a">Indian art</subfield><subfield code="z">North America</subfield><subfield code="v">Newspapers.</subfield></datafield><datafield ind1=" " ind2="7" tag="650"><subfield code="a">Indian art.</subfield><subfield code="2">fast</subfield><subfield code="0">(OCoLC)fst00969029</subfield></datafield><datafield ind1=" " ind2="7" tag="650"><subfield code="a">Indians of North America.</subfield><subfield code="2">fast</subfield><subfield code="0">(OCoLC)fst00969633</subfield></datafield><datafield ind1=" " ind2="7" tag="650"><subfield code="a">Trading posts.</subfield><subfield code="2">fast</subfield><subfield code="0">(OCoLC)fst01153943</subfield></datafield><datafield ind1=" " ind2="7" tag="651"><subfield code="a">North America.</subfield><subfield code="2">fast</subfield><subfield code="0">(OCoLC)fst01242475</subfield></datafield><datafield ind1=" " ind2="7" tag="655"><subfield code="a">Newspapers.</subfield><subfield code="2">fast</subfield><subfield code="0">(OCoLC)fst01423814</subfield></datafield><datafield ind1=" " ind2=" " tag="752"><subfield code="a">United States</subfield><subfield code="b">California</subfield><subfield code="c">San Diego</subfield><subfield code="d">La Mesa.</subfield></datafield><datafield ind1=" " ind2=" " tag="752"><subfield code="a">United States</subfield><subfield code="b">New Mexico</subfield><subfield code="c">McKinley</subfield><subfield code="d">Gallup.</subfield></datafield><datafield ind1=" " ind2=" " tag="752"><subfield code="a">United States</subfield><subfield code="b">Montana</subfield><subfield code="c">Yellowstone</subfield><subfield code="d">Billings.</subfield></datafield><datafield ind1=" " ind2=" " tag="850"><subfield code="a">DLC</subfield></datafield><datafield ind1="1" ind2=" " tag="029"><subfield code="a">AU@</subfield><subfield code="b">000020413236</subfield></datafield></record>